<record><leader>00000cas a22000007a 4500</leader><controlfield tag="001">496280274</controlfield><controlfield tag="008">100108c20099999fluir n       0   a0eng  </controlfield><datafield ind1=" " ind2=" " tag="010"><subfield code="a">  2010204300</subfield></datafield><datafield ind1=" " ind2=" " tag="040"><subfield code="a">DLC</subfield><subfield code="b">eng</subfield><subfield code="c">DLC</subfield><subfield code="d">DLC</subfield><subfield code="d">OCLCQ</subfield></datafield><datafield ind1=" " ind2=" " tag="012"><subfield code="m">1</subfield></datafield><datafield ind1="0" ind2=" " tag="022"><subfield code="a">2152-8403</subfield><subfield code="l">2152-8403</subfield><subfield code="2">1</subfield></datafield><datafield ind1=" " ind2=" " tag="032"><subfield code="a">112150</subfield><subfield code="b">USPS</subfield></datafield><datafield ind1=" " ind2=" " tag="037"><subfield code="b">Cape Coral Breeze, 2510 Del Prado Blvd., Cape Coral, FL 33904</subfield></datafield><datafield ind1=" " ind2=" " tag="042"><subfield code="a">nsdp</subfield><subfield code="a">pcc</subfield></datafield><datafield ind1="1" ind2="0" tag="050"><subfield code="a">ISSN RECORD</subfield></datafield><datafield ind1="1" ind2="0" tag="082"><subfield code="a">051</subfield><subfield code="2">14</subfield></datafield><datafield ind1=" " ind2="0" tag="222"><subfield code="a">Cape Coral breeze</subfield></datafield><datafield ind1="0" ind2="0" tag="245"><subfield code="a">Cape Coral breeze.</subfield></datafield><datafield ind1=" " ind2=" " tag="260"><subfield code="a">Cape Coral, FL :</subfield><subfield code="b">Jack Glarrow</subfield></datafield><datafield ind1=" " ind2=" " tag="300"><subfield code="a">v.</subfield></datafield><datafield ind1=" " ind2=" " tag="310"><subfield code="a">Three days a week</subfield></datafield><datafield ind1="1" ind2=" " tag="362"><subfield code="a">Began with Dec. 15, 2009?</subfield></datafield><datafield ind1=" " ind2=" " tag="588"><subfield code="a">Description based on first issue (surrogate); title from caption.</subfield></datafield><datafield ind1="0" ind2="0" tag="780"><subfield code="t">Cape Coral daily breeze (Cape Coral, Fla. : 1993)</subfield><subfield code="x">1072-6152</subfield><subfield code="w">(DLC)sn 93004673</subfield><subfield code="w">(OCoLC)29049955</subfield></datafield></record>